@IEEEtranBSTCTL{bstctl:etal,
  CTLuse_forced_etal = {yes},
  CTLmax_names_forced_etal = {3},
}

@IEEEtranBSTCTL{bstctl:nodash,
  CTLdash_repeated_names = {no},
}

@IEEEtranBSTCTL{bstctl:simpurl,
  CTLname_url_prefix = {Available: },
}

@misc{matrixmarket,
  author = "NIST",
  title = "ANSI C library for Matrix Market I/O",
  howpublished = "\url{http://math.nist.gov/MatrixMarket/mmio-c.html}",
  year = "2000"
}

@misc{csrmultiplication,
    author = "Shun Yan Cheung",
    title = "Working with Sparse Matrices",
    howpublished = "\url{http://www.mathcs.emory.edu/~cheung/Courses/561/Syllabus/3-C/sparse.html}",
    year = "2017"
}
